<collection xmlns="http://www.loc.gov/MARC21/slim">
<record>
  <leader>00727ncm0a22002051i 450 </leader>
  <controlfield tag="001">IT\ICCU\CNCE\054193</controlfield>
  <controlfield tag="005">20080206000000.0</controlfield>
  <datafield tag="100" ind1=" " ind2=" ">
    <subfield code="a">20030325d1589        0itac0103    ba</subfield>
  </datafield>
  <datafield tag="101" ind1=" " ind2=" ">
    <subfield code="a">ITA</subfield>
  </datafield>
  <datafield tag="102" ind1=" " ind2=" ">
    <subfield code="a">IT</subfield>
  </datafield>
  <datafield tag="200" ind1="1" ind2=" ">
    <subfield code="a">Orationi per dire auanti e dopo la dottrina christiana</subfield>
  </datafield>
  <datafield tag="210" ind1=" " ind2=" ">
    <subfield code="a">In Genoa</subfield>
    <subfield code="c">appresso Girolamo Bartoli</subfield>
    <subfield code="d">1589</subfield>
  </datafield>
  <datafield tag="215" ind1=" " ind2=" ">
    <subfield code="a">\5!, 13, \3! p.</subfield>
    <subfield code="d">12ʻ</subfield>
  </datafield>
  <datafield tag="620" ind1=" " ind2=" ">
    <subfield code="a">IT</subfield>
    <subfield code="d">Genova</subfield>
  </datafield>
  <datafield tag="710" ind1="0" ind2="2">
    <subfield code="a">Genova</subfield>
    <subfield code="c"> &lt;Arcidiocesi&gt;</subfield>
    <subfield code="3">IT\ICCU\CNCT\005945</subfield>
  </datafield>
  <datafield tag="712" ind1="0" ind2="0">
    <subfield code="a">Bartoli, Girolamo</subfield>
    <subfield code="3">IT\ICCU\CNCT\000017</subfield>
    <subfield code="4">650</subfield>
  </datafield>
  <datafield tag="791" ind1="0" ind2="0">
    <subfield code="a">Bartolus, Hieronymus</subfield>
    <subfield code="3">IT\ICCU\CNCT\004302</subfield>
    <subfield code="z">Bartoli, Girolamo</subfield>
  </datafield>
  <datafield tag="791" ind1="0" ind2="0">
    <subfield code="a">Bartoli, Gieronimo</subfield>
    <subfield code="3">IT\ICCU\CNCT\004303</subfield>
    <subfield code="z">Bartoli, Girolamo</subfield>
  </datafield>
  <datafield tag="801" ind1=" " ind2="3">
    <subfield code="a">IT</subfield>
    <subfield code="b">ICCU</subfield>
    <subfield code="c">20201115</subfield>
  </datafield>
  <datafield tag="899" ind1=" " ind2=" ">
    <subfield code="a">British Library. London</subfield>
    <subfield code="1">UK0001</subfield>
  </datafield>
</record>
</collection>
